@article{ophs03,
author=		{Tobias~Oetiker and Hurbert~Partl and Irene~Hyna and Elisabeth~Schlegl},
title=		{The {N}ot {S}o {S}hort {I}ntroduction to {\LaTeX2e{}}},
url=		{http://www.ctan.org/tex-archive/info/lshort/english/lshort.pdf},
year=		2003}

@article{feu02,
author=		{Thomas~Feuerstack},
title=		{Introduction to pdf{\TeX{}}}, 
journal=	{TUGboat}, 
volume=		{23},
pages=		{329--334},
number=		{3/4},
url=		{http://www.tug.org/TUGboat/Articles/tb23-3-4/tb75feu.pdf},
year=		2002}

@article{fly03,
author=		{Peter~Flynn},
title=		{Formatting {I}nformation}, 
journal=	{TUGboat}, 
volume=		{23},
pages=		{115--237},
number=		{2},
url=		{http://www.tug.org/tex-archive/info/beginlatex/beginlatex.letter.pdf},
year=		2003}

@book{gra96,
author=		{George~Gr\"atzer},
title=		{Math into \LaTeX}, 
publisher=	{Birkh\"auser}, 
location=	{Boston},
url=		{http://www.tug.org/tex-archive/info/mil/mil.pdf},
year=		1996}

@book{kd03,
author=		{Helmut~Kopka and Patrick~W.~Daly},
title=		{Guide to \LaTeX},
publisher=	{Pearson Education},
edition=	{4th},
address=	{New York},
year=		2003}

@book{mgbcr04,
author=		{Frank~Mittelbach and Michel~Goossens and Johannes~Braams and David~Carlisle and Chris~Rowley},
title=		{The \LaTeX\ Companion},
publisher=	{Addison Wesley Professional},
edition=	{2nd},
address=	{New York},
year=		2004}

@misc{brei04,
author = 	{Jon~Breitenbucher},
title = 	{{W}ooster related {L}a{T}e{X} files},
url = 		{http://jbreitenbuch.wooster.edu/~jonb/latex/},
howpublished=	{World Wide Web},
year=		2004,
note = {Accessed on 03/11/2004}}

@misc{kon04,
author=		{Stasinos~Konstantopoulos},
title=		{BibTeX Etries},
url=		{http://odur.let.rug.nl/~konstant/Ac/publications.html},
howpublished=	{World Wide Web},
year=		2004,
note=	{Accessed on 03/11/2004}}

@TechReport{GAR86,
author = {J. ~Garcia},
title = {Personal Identification Apparatus},
institution = {U.S. Patent and Trademark Office},
year = {1986},
OPTkey = {Patent Number 4,621,334},
OPTaddress = {Washington D.C.}
}

@book{SIN99,
author = {Simon ~Singh},
title = {The Code Book},
publisher = {Anchor Books},
address = {New York},
year = 1999}

@book{TRA02,
author = {Wade ~Trappe and Lawrence ~C.~Washington},
title  = {Introduction to Cryptography with Coding Theory},
publisher = {Prentice Hall},
address = {Upper Saddle River, NJ},
year = 2002}

@book{SIM96,
author = {Fred ~Simmonds},
title = {Network Security: Data and Voice Communications},
publisher = {McGraw-Hill},
year = 1996}
